2190 3475
217 142 265 175 VI
965 137 1237 172 PRAEFATIO
1623 171 1627 173 ,
1978 168 1994 178 ,

217 249 473 303 FVNOKH,
508 247 888 301 LANDGRAFH,
921 246 1368 301 KRVMBACHERL
1412 245 1802 302 STOWASSERL
1833 233 1990 289 WAR-

214 321 390 376 RENH,
419 318 841 373 NETTLEsHIPH,
873 317 1234 359 sOHLVTTERI
1262 318 1441 360 aliorum
1469 332 1518 359 eo
1546 333 1629 372 quo
1654 311 1821 373 par'est
1847 319 2014 363 studio,

214 394 389 447 adscivi,
429 406 685 447 quamquam
726 405 860 445 neque
893 404 1039 431 omnes
1073 404 1177 444 quas
1209 405 1409 431 noveram
1443 389 1705 431 coniecturas
1738 384 1990 437 commemo-

212 480 303 506 rare
348 464 469 518 potui
513 477 649 517 neque
694 477 840 503 onmes
872 476 939 502 1110
983 461 1152 502 novisse
1197 462 1409 503 affirmare
1454 461 1598 502 audeo.
1661 459 1810 516 Itaque
1854 458 1992 503 sicubi

212 536 316 577 mihi
350 535 556 589 adscripsi
590 548 696 588 quae
730 534 811 574 iam
845 533 1025 574 aliorum
1071 533 1316 586 nominibus
1361 534 1566 586 occupata
1605 534 1721 586 sunt,
1765 546 1861 574 cum
1899 532 1990 575 sine

214 607 310 648 dolo
343 607 455 647 malo
488 607 648 647 factum
682 606 749 659 sit,
782 620 905 646 suum
939 618 1148 659 quomque
1181 607 1369 658 repetere
1402 603 1566 645 lubenti
1599 603 1740 643 animo
1772 604 1921 658 patiar.

331 679 367 719 3.
388 677 645 719 Lemmata
665 676 827 718 latina
847 676 1001 731 quibus
1023 689 1173 730 graeca
1193 690 1277 716 non
1292 675 1352 716 ita
1371 690 1505 729 pauca
1526 675 1778 728 interposita
1798 679 1897 717 sunt
1916 691 1991 731 per

212 751 377 791 litteras
405 750 572 805 digessi.
636 748 701 790 Ex
733 747 1211 802 interpretamentis
1239 761 1345 801 quae
1372 747 1423 787 ad
1450 746 1524 787 illa
1549 746 1751 788 lemmata
1775 747 1991 801 pertinent

211 821 379 876 potiora
411 821 618 875 excerpsi,
651 822 849 874 excerpta
880 819 1119 860 litterarum
1153 818 1290 859 ordini
1330 821 1548 872 tamquam
1586 817 1789 859 lemmata
1820 818 1992 875 inserui,

212 909 262 935 ne
286 893 413 934 nimis
435 893 742 934 delitescerent.
805 889 1072 945 Quamquam
1094 890 1327 931 cavendum
1347 890 1441 944 fuit,
1467 905 1518 931 ne
1544 889 1794 931 lemmatum
1814 904 1991 933 numero

212 966 301 1006 sine
348 964 474 1006 modo
520 966 643 1006 aucto
688 962 874 1004 ambitus
917 962 1017 1003 libri
1062 962 1175 1003 ultra
1220 976 1346 1016 quam
1390 961 1454 1002 fas
1496 964 1609 1003 esset
1658 964 1874 1003 cresceret,
1940 960 1992 1003 In

212 1036 400 1092 glossis
433 1035 688 1077 botanicis
722 1049 828 1089 quae
862 1048 1099 1088 synonyma
1132 1033 1408 1075 inveniuntur
1438 1048 1524 1075 non
1557 1033 1700 1075 omnia
1731 1034 1993 1089 excerpenda

213 1111 286 1149 aut
318 1108 361 1149 in
405 1108 607 1148 lemmata
644 1106 846 1148 vertenda
891 1105 1009 1161 duxi,
1054 1120 1149 1146 cum
1187 1105 1324 1146 multa
1355 1120 1407 1146 ne
1451 1104 1585 1146 latina
1629 1105 1800 1159 quidem
1833 1105 1920 1147 sint
1950 1109 1994 1148 et

212 1179 337 1221 facile
370 1179 421 1220 ab
455 1179 533 1233 eis,
578 1192 759 1233 quorum
796 1178 973 1219 interest
1018 1191 1354 1232 synonymorum
1399 1191 1567 1217 omnem
1611 1176 1767 1218 molem
1811 1177 1992 1233 novisse,

212 1250 392 1292 inveniri
426 1250 602 1304 possint.
635 1275 692 1278 —
726 1248 1019 1290 Glossarum
1064 1248 1528 1304 graecolatinarum
1573 1251 1741 1302 praeter
1779 1263 1847 1290 eas
1887 1263 1991 1304 quas

212 1322 338 1364 modo
366 1322 489 1377 tetigi
517 1321 894 1375 interpretamenta
919 1320 1121 1361 lemmata
1145 1320 1237 1361 fieri
1264 1319 1387 1360 iussi:
1419 1319 1530 1360 unde
1561 1320 1870 1361 consectarium
1896 1320 1992 1376 fuit,

213 1396 262 1435 ut
292 1392 667 1447 Pseudocyrilli
703 1392 777 1447 qui
808 1392 945 1433 fertur
985 1391 1151 1432 diversa
1195 1391 1573 1445 interpretamenta
1605 1391 1647 1432 in
1680 1391 1859 1433 totidem
1890 1392 1991 1434 lem-

216 1468 331 1506 mata
356 1467 521 1506 mutata
545 1478 621 1518 pro
649 1463 794 1505 ordine
820 1463 1062 1504 litterarum
1097 1463 1375 1504 disicerentur
1407 1462 1557 1504 iisdem
1583 1462 1803 1504 vocabulis
1830 1463 1991 1519 graecis

213 1536 423 1591 repetitis:
455 1535 712 1589 ubicumque
739 1537 881 1576 tamen
912 1534 1093 1575 alterum
1126 1534 1553 1588 interpretamentum
1581 1549 1633 1576 ex
1659 1534 1791 1576 altero
1823 1535 1992 1577 demum

215 1623 335 1649 suam
366 1607 504 1648 lucem
537 1606 724 1660 accipere
756 1605 991 1660 videbatur,
1023 1605 1103 1647 hoc
1135 1608 1183 1646 ut
1218 1605 1447 1647 indicarem
1473 1606 1591 1646 varia
1621 1606 1786 1648 ratione
1818 1621 1991 1661 operam

216 1679 321 1721 dedi.
386 1678 429 1720 Si
463 1678 582 1719 cuius
615 1677 809 1719 intererit
840 1677 920 1719 hoc
945 1677 1013 1718 vel
1045 1677 1119 1718 illo
1145 1677 1239 1718 loco
1271 1677 1483 1732 integram
1515 1677 1697 1719 formam
1730 1678 1992 1734 cognovisse,

215 1750 401 1805 glossam
435 1749 612 1791 evolvat.
676 1747 798 1798 Quod
831 1748 880 1790 de
911 1748 1221 1803 Pseudocyrilli
1253 1748 1409 1804 glossis
1442 1749 1632 1804 exposui,
1664 1749 1708 1790 in
1734 1749 1838 1791 alias
1872 1765 1992 1804 quas-

215 1822 310 1862 dam
356 1820 626 1862 collectiones
671 1820 1011 1862 transferendum
1057 1835 1147 1862 esse
1192 1819 1322 1861 semel
1366 1835 1530 1862 moneo.
1591 1820 1850 1863 Lemmata
1887 1836 1992 1863 cor-

214 1895 364 1947 rupta
406 1895 478 1933 aut
516 1907 639 1933 suum
678 1891 819 1933 locum
863 1891 1023 1933 habent
1060 1906 1111 1933 ex
1151 1891 1297 1933 ordine
1342 1891 1648 1933 elementorum
1699 1892 1993 1935 emendatione

215 1964 406 2005 subiecta
437 1966 510 2004 aut
543 1978 637 2004 cum
671 1962 784 2004 sanis
817 1962 972 2018 glossis
1005 1962 1231 2004 coniuncta
1262 1965 1379 2004 sunt:
1418 1963 1506 2004 sive
1537 1963 1618 2005 hoc
1652 1963 1740 2005 sive
1772 1963 1879 2005 illud
1909 1964 1992 2006 fac-

214 2039 306 2077 tum
342 2038 424 2090 est,
468 2037 515 2076 ut
557 2049 663 2089 quae
708 2034 981 2076 cohaererent
1021 2034 1144 2075 facile
1189 2034 1547 2090 coniungerentur
1592 2034 1731 2089 quoad
1772 2035 1862 2076 eius
1900 2035 1993 2077 fieri

215 2107 359 2162 potuit
390 2106 639 2161 plerumque
672 2105 825 2147 curavi.
887 2105 1172 2160 Participia
1204 2121 1228 2146 a
1258 2106 1399 2147 verbis
1433 2106 1617 2161 seiunxi,
1648 2121 1700 2148 ne
1733 2121 1909 2162 cogerer
1940 2107 1992 2149 ab

217 2178 437 2220 adiectivis
465 2177 737 2232 distinguere,
764 2177 877 2232 quod
903 2177 1150 2232 saepissime
1176 2177 1296 2219 nullo
1316 2177 1442 2219 modo
1462 2177 1555 2219 fieri
1580 2180 1734 2232 potest.
1795 2177 1992 2220 Placidi

214 2252 318 2291 nota
343 2249 509 2304 signavi
533 2251 574 2290 et
601 2248 804 2303 genuinas
833 2249 996 2304 glossas
1017 2248 1235 2291 Placideas
1262 2252 1304 2290 et
1330 2249 1486 2290 iniuria
1510 2249 1554 2290 in
1581 2249 1796 2291 codicibus
1820 2249 1992 2292 Placido

217 2321 463 2374 adscriptas.
526 2319 691 2361 Glossis
723 2320 914 2361 codicis
940 2320 1307 2376 Einsidlensis,
1346 2335 1525 2375 quarum
1557 2320 1728 2375 quidem
1761 2321 1993 2363 auctoritas

216 2392 395 2434 aliorum
427 2391 732 2446 glossariorum
764 2392 1020 2433 testimoniis
1053 2406 1138 2433 non
1170 2392 1376 2447 firmatur,
1408 2392 1577 2446 saepius
1608 2392 1742 2434 unde?
1775 2392 1993 2448 adscripsi,

215 2466 264 2504 ut
290 2463 519 2504 indicarem
547 2466 765 2517 suspectae
793 2463 970 2518 originis
998 2479 1105 2506 esse:
1138 2479 1236 2504 nam
1269 2478 1413 2505 earum
1445 2478 1543 2517 pars
1575 2465 1686 2505 certe
1718 2463 1886 2505 novicia
1917 2465 1992 2505 est.

216 2534 403 2576 Indicem
437 2548 733 2589 graecorum
765 2535 1128 2576 vocabulorum
1162 2535 1391 2589 septimum
1423 2534 1622 2576 volumen
1655 2534 1902 2576 continebit.

333 2606 371 2646 4.
398 2605 556 2646 Locos
590 2606 896 2660 scriptorum
917 2607 968 2647 ad
996 2621 1102 2661 quos
1134 2607 1336 2648 lemmata
1354 2606 1422 2648 vel
1454 2606 1832 2660 interpretamenta
1857 2605 1994 2648 redire

215 2677 440 2718 videantur
473 2677 544 2717 ubi
577 2676 874 2731 indagaveram
907 2678 1100 2719 indicavi.
1164 2677 1286 2727 Quod
1318 2677 1442 2718 facile
1467 2677 1559 2718 fieri
1590 2677 1733 2731 potuit
1758 2677 1802 2718 111
1835 2676 1993 2732 glossa-

216 2748 290 2789 riis
323 2748 375 2788 ad
407 2750 544 2789 certos
577 2750 769 2789 auctores
809 2748 1062 2803 eosdemque
1100 2748 1433 2804 pertinentibus,
1469 2750 1518 2789 ut
1550 2748 1593 2789 in
1625 2748 1781 2803 glossis
1812 2747 1993 2804 Vergi-

218 2819 373 2860 lianis
406 2817 487 2873 (IV
515 2833 552 2872 p.
580 2819 663 2859 427
682 2818 810 2874 sqq),
855 2819 1179 2862 Terentianis
1219 2818 1280 2876 (V
1305 2834 1344 2874 p.
1371 2819 1456 2860 529
1473 2817 1602 2875 sqq),
1646 2818 1898 2861 Nonianis
1931 2817 1992 2874 (V

216 2905 253 2944 p.
276 2889 494 2945 637sqq.j>‚
515 2888 861 2930 Iuvenalianis
884 2890 941 2945 (V
962 2906 1000 2945 p.
1023 2889 1240 2947 652sqq.)‚
1261 2889 1612 2932 Ciceronianis
1635 2889 1694 2947 (V
1713 2905 1752 2944 p.
1772 2888 1994 2946 657sqq.),

217 2960 484 3002 Ovidianis
518 2959 577 3015 (jV
603 2975 640 3014 p.
668 2959 792 3016 54(3j);
826 2960 926 3002 item
954 2962 997 3002 in
1030 2962 1269 3017 glossarum
1302 2962 1533 3017 farragine,
1567 2976 1672 3016 quae
1706 2960 1845 3015 quinti
1876 2959 1992 3002 volu-

216 3031 344 3073 minis
376 3047 414 3085 p.
441 3032 528 3072 410
543 3047 632 3085 sqq.
666 3032 779 3072 edita
811 3036 886 3086 cst,
919 3033 961 3073 in
995 3033 1149 3088 glossis
1183 3033 1253 3075 ‘de
1293 3033 1592 3075 canonibus'
1630 3032 1675 3088 (i.
1702 3047 1734 3074 e.
1767 3047 1818 3074 ex
1857 3032 1993 3073 conci-

217 3103 372 3145 liorum
407 3103 655 3157 canonibus3
689 3118 788 3144 usus
817 3118 909 3144 suni
943 3104 1217 3147 ‘bibliotheca
1243 3105 1346 3146 iuris
1380 3105 1568 3147 canonici
1602 3104 1771 3159 veteris,
1800 3118 1928 3159 opera
1953 3105 1994 3146 et
