2159 3439
830 744 1081 791 PRAEFA
1089 743 1205 790 ΤΙΟ.

244 863 502 904 Thesauro
535 862 824 917 glossarum
857 861 930 916 qui
957 861 1020 902 uti
1046 861 1192 902 volent
1216 863 1265 902 ut
1291 863 1404 903 recte
1430 864 1607 903 utantur
1632 876 1767 916 pauca
1793 877 1906 916 prae-

127 934 342 976 monuisse
376 934 480 975 satis
513 934 604 975 erit.

247 1007 281 1047 1.
316 1004 481 1060 Collegi
506 1008 549 1046 et
573 1005 711 1059 recepi
745 1004 994 1059 quidquid
1027 1004 1314 1059 glossarum
1349 1007 1594 1059 quattuor
1620 1020 1744 1060 quae
1772 1005 1910 1046 edita

125 1080 242 1119 sunt
279 1076 628 1118 voluminibus
670 1075 982 1130 continetur,
1026 1076 1110 1117 nisi
1144 1076 1258 1131 quod
1290 1091 1311 1117 e
1357 1076 1653 1131 colloquiis,
1697 1076 1908 1132 fabulis,

125 1148 438 1190 tractatibus
465 1148 581 1189 tertii
602 1147 833 1189 voluminis
860 1147 1119 1189 notabiliora
1144 1150 1313 1189 tantum
1339 1148 1530 1202 excerpsi
1555 1148 1670 1190 tritis
1690 1148 1910 1189 vocabulis

125 1220 297 1262 omnino
325 1220 513 1261 abiectis.
575 1219 657 1260 His
684 1219 826 1260 addidi
853 1219 1210 1274 supplementa
1242 1219 1448 1274 quaedam
1476 1219 1527 1261 ab
1555 1219 1693 1261 ELIA
1721 1218 1909 1262 STEIN-

123 1291 332 1334 MEYER
365 1291 443 1348 CZ.
470 1292 497 1332 f.
526 1291 715 1332 (leutsch.
736 1290 939 1333 Alterth?
966 1306 1000 1332 a.
1030 1291 1142 1333 1889
1170 1307 1208 1345 p.
1235 1291 1322 1332 242
1338 1306 1440 1346 sqq,
1475 1307 1508 1333 a.
1532 1291 1645 1333 1896
1672 1307 1711 1346 p.
1738 1292 1839 1344 2276)
1868 1294 1910 1333 et

123 1363 154 1405 I.
175 1362 228 1405 H.
252 1362 482 1405 GALLEE
505 1361 754 1419 (‘Altsachs.
778 1361 1128 1417 Sprachdenkm.'
1149 1363 1210 1404 ed.
1233 1378 1267 1404 a.
1291 1363 1406 1404 1894
1425 1379 1464 1418 p.
1486 1363 1568 1404 331
1588 1365 1697 1418 sqq.)
1727 1363 1815 1404 sive
1835 1378 1910 1417 pu-

123 1435 281 1477 blicata
307 1435 394 1476 sive
427 1434 612 1475 indicata
644 1434 703 1491 (h.
724 1450 756 1475 e.
791 1434 956 1489 glossas
988 1434 1362 1490 Monasterienses,
1394 1434 1732 1490 Werthinenses,
1765 1434 1910 1476 Mona—

123 1505 301 1564 censes),
328 1521 434 1561 quae
461 1506 762 1548 additamentis
782 1506 910 1561 primi
931 1506 998 1548 vel
1026 1506 1196 1561 septimi
1218 1506 1450 1548 voluminis
1470 1521 1521 1547 ex
1542 1506 1688 1548 ordine
1716 1507 1909 1548 codicum

122 1579 373 1620 inserentur.
437 1577 520 1619 Sed
546 1593 598 1619 ne
625 1578 839 1619 erroribus
864 1593 970 1633 quos
998 1578 1172 1619 admisit
1193 1577 1422 1620 GALLEE
1451 1577 1555 1619 haec
1582 1578 1747 1633 sylloge
1773 1578 1909 1620 irreti-

121 1653 252 1705 retur,
283 1664 426 1691 meum
448 1652 489 1690 et
509 1648 820 1692 WESSNERI
847 1650 1124 1705 apographon
1144 1664 1230 1691 non
1251 1664 1336 1691 uno
1362 1649 1455 1691 1000
1484 1650 1567 1691 iam
1594 1665 1706 1691 nunc
1740 1653 1910 1691 secutus

123 1737 229 1764 sum.
291 1719 487 1776 Denique
520 1721 677 1775 partim
710 1736 761 1762 ex
793 1722 898 1763 meis
932 1721 1098 1763 schedis
1119 1721 1396 1776 —inprimis
1423 1736 1475 1763 ex
1507 1721 1753 1777 apographo
1785 1722 1911 1763 libri

125 1793 416 1849 glossarum
448 1818 506 1821 —
537 1793 694 1847 partim
733 1808 785 1834 ex
822 1792 1059 1848 LOEWH,
1103 1792 1252 1848 MAII,
1290 1791 1579 1835 DVCANGII
1622 1793 1774 1835 libris
1820 1794 1910 1835 im-

122 1864 336 1920 pressis,
362 1865 465 1905 item
486 1879 537 1906 ex
556 1863 771 1906 PAPIAE
792 1864 1086 1907 Elementario
1109 1864 1189 1921 (ed.
1204 1865 1375 1907 Mediol.
1392 1880 1426 1907 a.
1444 1864 1578 1922 1476)
1599 1868 1641 1907 et
1656 1864 1910 1907 OSBERNI

123 1935 353 1978 Panormia
379 1934 461 1993 (ed.
482 1934 532 1977 A,
553 1935 673 1978 MAI.
695 1951 729 1978 a.
754 1936 887 1992 1836)
921 1937 1085 1992 glossas
1118 1937 1347 1978 nonnullas
1380 1936 1568 1992 exhibui,
1601 1952 1705 1992 quas
1739 1937 1910 1992 quidem

124 2007 448 2063 quaestionibus
482 2007 795 2062 glossematicis
833 2009 929 2049 usui
968 2009 1058 2050 fore
1097 2008 1203 2050 mihi
1247 2008 1565 2063 persuasissem.
1628 2008 1696 2050 Ex
1729 2008 1909 2050 aliorum

122 2079 252 2121 medii
273 2080 365 2121 aevi
386 2080 519 2121 vastis
547 2080 809 2135 corporibus,
835 2082 884 2121 ut
902 2079 1278 2135 HVGVCIONIS,
1298 2078 1586 2122 IOHANNIS
1606 2079 1685 2121 DE
1708 2079 1910 2135 IANVA,

122 2149 431 2193 MATTHAEI
465 2150 773 2206 SILVATICI,
817 2167 869 2193 ne
901 2152 1029 2193 nimis
1072 2167 1096 2193 a
1133 2152 1312 2193 consilio
1344 2166 1439 2193 meo
1485 2152 1680 2193 aberrare
1725 2166 1910 2207 cogerer,

121 2222 303 2277 paucula
334 2223 540 2278 quaedam
583 2223 784 2278 delibavi,
829 2223 983 2265 hausta
1022 2224 1179 2279 partim
1222 2239 1271 2264 ex
1317 2223 1633 2278 exemplaribus
1679 2224 1910 2279 impressis,

123 2289 281 2349 partim
313 2309 365 2336 ex
396 2295 502 2336 meis
535 2294 714 2350 schedis,
746 2295 903 2350 partim
937 2310 988 2336 ex
1021 2295 1155 2350 copiis
1187 2294 1487 2337 DVOANGII.

241 2366 279 2407 2.
314 2365 524 2408 Glossas
563 2381 648 2408 non
680 2367 807 2409 modo
841 2367 995 2422 collegi
1028 2370 1102 2408 aut
1134 2366 1335 2408 collectas
1374 2366 1568 2422 exhibui,
1606 2367 1680 2408 sed
1718 2382 1806 2422 pro
1839 2368 1909 2409 vi-

122 2437 209 2479 rili
241 2440 385 2492 parte
418 2438 691 2480 emendavi.
756 2437 1021 2493 Scripturam
1053 2439 1263 2480 librorum
1295 2439 1369 2480 ubi
1402 2440 1583 2494 mutavi,
1622 2439 1793 2494 plenam
1826 2439 1909 2480 dis-

122 2509 382 2564 crepantiam
415 2509 517 2551 olim
562 2510 790 2566 diligenter
834 2510 1080 2552 adnotatam
1114 2510 1251 2552 denuo
1295 2525 1533 2565 proponere
1571 2511 1709 2566 nolui,
1757 2511 1830 2552 sed
1862 2526 1910 2552 ea

122 2583 291 2622 tantum
324 2596 431 2636 quae
463 2597 529 2623 res
568 2582 787 2636 postulare
819 2581 1035 2623 videretur
1067 2597 1163 2624 cum
1196 2596 1297 2623 cura
1335 2582 1486 2638 selegi,
1524 2598 1702 2638 eamque
1735 2583 1908 2624 omnino

121 2652 228 2694 mihi
254 2667 447 2694 normam
481 2668 570 2695 esse
596 2654 726 2708 volui,
757 2656 806 2695 ut
837 2668 999 2695 meras
1032 2654 1208 2695 sordes
1241 2668 1544 2708 erroresque
1576 2654 1908 2696 librariorum

123 2724 392 2779 abicerem,
424 2724 613 2766 formas
645 2740 762 2766 vero
800 2725 991 2766 latinas
1025 2725 1131 2766 sive
1163 2727 1397 2767 vetustas
1442 2726 1548 2767 sive
1593 2725 1909 2767 recentiores

123 2795 229 2837 sive
271 2795 512 2851 vulgares
551 2799 599 2837 et
642 2811 967 2838 romanenses
1006 2799 1209 2851 praeter
1250 2796 1557 2838 tritissimas
1602 2797 1908 2838 vilissimas-

124 2881 234 2922 que,
279 2882 401 2921 quas
445 2867 633 2922 ubique
678 2882 955 2923 recoquere
999 2868 1222 2909 taedium
1268 2871 1420 2922 esset,
1467 2883 1525 2909 ne
1570 2868 1908 2909 obscurarem.

122 2937 522 2980 Emendationes
554 2939 744 2980 virorum
771 2940 1005 2991 doctorum,
1037 2942 1086 2980 ut
1114 2938 1434 2994 SCALIGERI,
1460 2938 1757 2993 VVLCANII,
1784 2937 1908 2980 SAL-

123 3008 305 3064 MASII,
352 3008 657 3064 DVOANGII,
701 3009 747 3052 Ο.
780 3009 1102 3064 MVELLERI,
1152 3009 1580 3065 HILDEBRANDI,
1631 3009 1908 3064 OEHLERI,

122 3078 359 3137 LOEWII,
391 3080 785 3136 BVEOHELERI,
829 3080 1165 3136 ROENSOHH,
1208 3081 1454 3137 HERAEI,
1497 3079 1907 3135 DEVERLINGII,
