2190 3475
909 142 1185 177 PRAEFATIO
1873 145 1938 179 VH

155 246 311 294 studiis*
341 235 557 294 110611161
588 251 783 293 1113136111.9
844 251 983 293 Lutet.
1017 251 1149 294 Paris.
1182 251 1445 308 MDCLXI),
1479 253 1550 294 ‘de
1582 253 1794 308 regulis’
1827 253 1937 310 (soil.

157 323 222 365 Sti
247 323 485 379 Benedicti,
517 338 618 364 usus
646 338 740 364 sum
767 323 951 364 editione
978 321 1364 365 WOELFFLINI:
1397 324 1447 366 cf.
1468 323 1723 380 TRAVBE,
1750 324 1937 366 ‘Textes-

155 395 400 451 geschichte
433 395 506 435 der
536 394 640 449 Reg.
670 393 709 435 S.
735 393 800 435 BR
835 394 947 434 1898
981 409 1019 448 p.
1048 394 1142 451 97¹),
1182 395 1253 436 ‘de
1292 395 1425 437 libro
1471 396 1784 437 officiorum’
1816 395 1935 453 (Isid.

155 467 217 508 ed.
243 466 368 508 Arev.
396 465 458 507 VI
483 466 570 507 413
586 464 714 522 sqq),
747 465 824 506 ‘de
856 465 989 507 libro
1022 466 1269 507 rotarum'
1304 466 1347 522 (i.
1375 481 1408 507 e.
1435 466 1590 508 Isidori
1623 467 1672 508 de
1705 470 1790 509 nat.
1817 467 1935 524 rein),

155 538 228 579 ‘de
259 538 393 580 libro
426 537 655 579 Antonii'
688 535 733 593 (i.
754 551 786 578 e.
815 536 904 578 vita
932 536 971 578 S.
1004 536 1185 579 Antonii
1211 537 1442 591 interprete
1468 538 1712 594 Euagrio3
1739 539 1788 580 cf.
1815 538 1937 580 Vitae

153 613 324 664 patrum
357 610 417 651 ed.
445 608 735 650 ROSWEYD
768 624 807 662 p.
835 595 890 649 36
907 607 1040 665 sqq),
1072 609 1144 650 ‘de
1182 609 1450 650 verborum
1490 609 1937 664 interpretatione’

155 680 215 738 (h.
242 696 275 724 e.
303 681 352 722 de
378 680 641 735 Hieronymo
675 680 718 721 in
751 679 922 735 Matth.3
958 695 1060 721 usus
1094 695 1187 721 sum
1220 680 1406 721 editione
1444 679 1678 734 MIGNID,
1718 682 1789 723 ‘de
1823 682 1935 723 Cas-

155 753 314 794 siano’
346 751 390 809 (i
412 767 445 794 e.
466 753 516 793 de
542 751 911 806 Institutionibus3
944 766 1042 792 nam
1074 751 1330 792 Collationes
1357 750 1562 805 explicari
1587 767 1672 793 non
1705 753 1935 809 videntur),

155 824 228 865 ‘de
254 823 493 865 Eusebio’
526 821 572 879 (i.
592 839 624 864 e.
653 823 702 864 de
729 823 843 864 Eccl.
869 823 968 864 hist.
998 823 1230 876 interprete
1256 821 1464 877 Rufin03
1497 837 1599 864 usus
1628 838 1722 864 311111
1749 825 1933 865 editione

154 894 332 936 BEATI
375 893 649 936 RHENANI
690 910 723 936 a.
753 893 905 950 1523),
950 894 1027 934 ede
1074 892 1353 934 Clemente’
1398 893 1443 949 (i.
1471 909 1503 936 e.
1533 894 1934 950 Recognitionibus3

152 982 254 1008 usus
288 981 381 1007 311111
417 966 602 1007 editione
636 963 1024 1021 GERSDORFH),
1063 964 1141 1006 ede
1179 965 1425 1020 dialogis’
1459 964 1518 1021 (h.
1546 982 1577 1007 e.
1612 967 1661 1008 de
1697 966 1932 1022 Gregorii

153 1038 350 1093 dialogis,
383 1051 484 1078 usus
511 1051 605 1077 sum
636 1036 820 1078 editione
846 1034 1079 1092 MIGNII):
1112 1036 1156 1077 in
1189 1036 1344 1091 quibus
1378 1036 1534 1092 glossis
1561 1038 1613 1079 ad
1644 1038 1785 1079 fontes
1818 1054 1934 1080 revo—

153 1109 296 1150 candis
328 1108 497 1163 egregie
529 1123 596 1149 me
634 1108 744 1148 iuvit
782 1106 929 1148 OTTO
962 1107 1010 1148 B.
1045 1106 1387 1149 SOHLVTTER
1418 1108 1699 1151 Americanus
1739 1111 1933 1164 epistulis

151 1179 401 1222 creberrime
453 1179 504 1220 ad
554 1194 620 1220 me
672 1179 801 1233 datis,
852 1193 1111 1234 quamquam
1161 1179 1271 1220 nihil
1315 1195 1367 1221 ex
1417 1181 1476 1221 eis
1528 1196 1594 1223 me
1646 1182 1932 1236 desumpsisse

149 1251 251 1305 quin
276 1251 368 1305 ipse
397 1251 534 1292 denuo
568 1250 898 1292 examinaverim
931 1253 1262 1292 consentaneum
1289 1254 1363 1292 est.
1426 1251 1659 1294 Difficilior
1685 1268 1751 1294 res
1778 1254 1862 1295 fuit
1888 1255 1930 1295 in

148 1322 209 1364 eis
242 1322 463 1377 glossariis
503 1337 610 1377 quae
649 1322 701 1363 ad
744 1337 877 1363 unum
924 1322 1175 1377 scriptorem
1220 1323 1409 1364 revocari
1446 1338 1533 1364 non
1577 1327 1821 1379 potuerunt.
1884 1325 1930 1366 111

148 1394 303 1449 quibus
336 1394 462 1436 modo
494 1394 621 1435 metri
656 1393 813 1435 indicio
845 1408 949 1435 usus
982 1408 1090 1449 sum,
1121 1396 1169 1435 ut
1203 1395 1450 1449 saepissime
1482 1396 1526 1436 in
1565 1395 1721 1451 glossis
1755 1397 1931 1453 Vergi-

148 1465 323 1520 lianis,
367 1465 711 1520 Terentianis,
750 1464 1119 1520 IuvenalianiS,
1164 1466 1290 1507 modo
1329 1466 1602 1509 vicinitate
1644 1468 1931 1523 glossarum

147 1537 413 1593 similium,
438 1538 565 1579 modo
586 1537 682 1579 aliis
709 1537 890 1578 indiciis.
942 1536 1058 1587 Quae
1078 1552 1145 1578 me
1166 1537 1309 1592 ipsum
1329 1538 1542 1593 fugerant,
1562 1539 1930 1595 BVECHELER,

146 1607 443 1664 HERAEVS‚
483 1607 741 1650 SCHOELL
774 1609 1036 1664 adiecerunt,
1074 1609 1211 1650 multa
1242 1608 1475 1665 LOEWE,
1506 1610 1722 1667 FVNCK,
1753 1612 1930 1654 LAND-

147 1679 314 1735 GRAF,
344 1679 643 1735 HERAEVS,
675 1680 748 1721 alii
780 1680 865 1721 iam
898 1684 1218 1735 occupaverant.
1283 1680 1493 1723 Glossas
1535 1681 1706 1724 Orosii
1739 1686 1781 1724 et
1811 1683 1930 1724 Ald-

144 1751 300 1793 helmi
333 1751 525 1793 codicis
550 1750 882 1806 Amploniani
908 1752 1114 1794 indicavit
1142 1752 1496 1808 SCHLVTTER,
1523 1769 1648 1809 quem
1675 1755 1749 1796 ubi
1776 1756 1931 1797 certior

145 1823 330 1878 suspicio
363 1823 454 1865 visa
485 1826 551 1865 est
581 1823 764 1865 libenter
803 1827 973 1865 secutus
1006 1839 1118 1866 sum:
1151 1824 1379 1866 incertiora
1417 1826 1553 1867 omisi.
1618 1826 1826 1869 Glossas
1858 1828 1929 1868 bi-

144 1895 306 1936 blicas
338 1895 494 1950 partim
520 1894 908 1950 ROENSCHIVS,
940 1895 1236 1950 HERAEVS,
1270 1895 1623 1952 SCHLVTTER,
1655 1899 1811 1952 partim
1839 1900 1929 1954 ipse

145 1965 507 2022 investigavimus.
571 1965 760 2008 Isidori
784 1966 966 2022 libros,
997 1967 1154 2009 Nonii
1186 1968 1595 2023 compendiosam
1627 1970 1929 2024 doctrinam,

143 2036 282 2078 Festi
332 2041 380 2080 et
429 2038 578 2080 Pauli
634 2039 908 2094 epitomen,
956 2039 1147 2081 Donati
1203 2043 1246 2081 et
1297 2040 1463 2082 Servii
1519 2042 1927 2096 commentarios,

142 2107 427 2151 Horatiana
459 2111 674 2166 scholia,
708 2111 1069 2166 grammaticos
1102 2111 1313 2167 latinos,
1345 2111 1563 2154 Osberni
1588 2112 1927 2168 Panormiam,

143 2180 345 2234 glossas
394 2181 876 2236 palaeotheodiscas
915 2186 958 2224 et
989 2183 1435 2239 anglosaxonicas,
1475 2185 1642 2239 reliqua
1684 2201 1791 2240 quae
1831 2201 1925 2227 cuin

141 2252 329 2294 utilitate
362 2253 554 2295 adhiberi
592 2256 842 2310 potuerunt,
886 2258 960 2296 aut
998 2255 1088 2309 ipse
1122 2256 1314 2310 excerpsi
1346 2259 1420 2297 aut
1458 2256 1685 2312 diligentes
1726 2257 1925 2312 discipuli

146 2348 194 2352 —
231 2323 275 2364 in
305 2323 374 2365 his
412 2324 608 2379 inprimis
641 2326 686 2367 P.
719 2325 1007 2368 WESSNER
1040 2326 1162 2381 olim,
1192 2330 1342 2382 postea
1372 2327 1422 2368 E.
1455 2327 1836 2370 WEISSBRODT
1872 2354 1921 2359 -

140 2394 185 2435 in
228 2409 370 2437 meum
414 2411 539 2438 usum
590 2400 904 2452 excerpserunt.
985 2397 1194 2440 Glossas
1238 2399 1478 2440 Livianas
1523 2399 1637 2441 haud
1680 2416 1836 2455 paucas
1880 2401 1924 2442 in

140 2466 312 2508 codice
363 2466 630 2510 Casinensi
681 2470 737 2510 90
786 2470 924 2511 inesse
975 2469 1076 2511 dum
1129 2470 1324 2526 plagulas
1381 2472 1654 2513 emendamus
1706 2473 1924 2527 perspexit

139 2536 429 2581 HERAEVS.
493 2539 575 2582 Sed
612 2556 664 2583 ne
709 2541 805 2597 quis
850 2541 994 2583 credat
1036 2557 1103 2583 me
1147 2542 1257 2584 hanc
1301 2543 1563 2597 quaestionis
1606 2547 1771 2598 partem
1817 2560 1923 2599 quae

139 2613 205 2651 est
237 2610 287 2652 de
319 2611 510 2653 fontibus
542 2612 650 2654 mihi
680 2613 816 2655 videri
848 2613 1096 2669 absolvisse,
1127 2629 1217 2655 rem
1249 2614 1538 2656 incohatam
1571 2616 1744 2670 potius
1778 2631 1920 2671 quam

138 2681 198 2722 ad
240 2682 395 2724 finem
439 2684 735 2738 perductam
778 2685 870 2740 ipse
913 2700 1084 2727 moneo:
1128 2686 1261 2726 vitam
1306 2701 1444 2727 meam
1477 2689 1612 2728 totam
1644 2687 1744 2729 huic
1777 2688 1918 2743 generi

137 2752 378 2795 litterarum
411 2754 629 2810 impertire
662 2771 728 2798 me
760 2771 896 2811 neque
928 2756 1115 2798 voluisse
1147 2771 1284 2812 neque
1316 2758 1508 2812 potuisse
1539 2759 1672 2800 libere
1704 2759 1919 2813 profiteor.

255 2825 295 2866 5.
329 2825 539 2868 Glossas
583 2827 849 2870 botanicas
891 2831 933 2870 et
976 2828 1307 2870 medicinales
1346 2830 1463 2871 tertii
1501 2830 1733 2871 voluminis
1773 2830 1919 2871 eodeni

138 2896 300 2952 studio,
350 2898 423 2939 sed
466 2898 629 2940 minore
679 2914 876 2941 successu
926 2900 1106 2941 tractavi
1152 2915 1278 2955 quam
1330 2904 1501 2943 ceteras.
1575 2901 1919 2955 Dioscuridis,

135 2966 496 3024 Pseudapulei,
521 2968 729 3025 Isidori,
754 2971 1004 3013 Matthaei
1032 2970 1272 3014 Silvatici
1297 2973 1528 3027 volumina,
1551 2973 1654 3015 item
1681 2987 1919 3027 synonyma

135 3038 487 3083 Bartholomei
539 3041 767 3097 diligenter
815 3043 998 3098 versavi,
1048 3043 1208 3085 indices
1259 3044 1444 3098 optimos
1496 3044 1662 3086 Cassii
1709 3044 1917 3098 Felicis,

135 3109 390 3153 Theodori
415 3112 690 3167 Prisciani,
721 3113 1008 3169 Pelagonii,
1034 3114 1214 3169 Plinii,
1239 3115 1493 3171 Marcelli,
1518 3117 1726 3170 pessimos
1755 3115 1915 3156 Caelii
