2190 3475
237 131 321 166 VIII
983 130 1258 166 PRAEFATIO

238 240 507 282 Aureliani
535 240 798 293 aliorumque
825 238 1026 293 volutavi,
1058 239 1190 280 libros
1220 239 1571 295 BLANCARDI,
1596 240 2015 298 LANGKAVELII,

240 308 784 352 FISGHER-BENZONH
810 309 987 363 inspexi,
1014 311 1392 353 commentationes
1419 309 1489 352 ΙΟ.
1512 310 1822 369 SOHMIDTH,
1850 313 2014 356 STAD-

238 381 393 435 LERI,
425 379 787 434 AVRACHERI,
820 379 1188 423 WELLMANNI
1214 397 1299 424 non
1331 383 1517 438 neglexi:
1551 397 1730 438 quorum
1759 385 1929 440 quidem
1956 385 2014 427 vi-

237 468 380 494 rorum
409 467 537 507 opera
561 452 697 493 multa
723 451 941 493 commode
975 451 1175 506 explicari
1204 455 1246 494 et
1277 454 1493 495 emendari
1524 457 1765 508 potuerunt.
1827 456 2013 498 Pseud-

237 524 406 578 apulei
453 523 636 564 editione
680 538 782 565 usus
824 537 917 564 sum
950 521 1346 566 ACKERMANNI
1384 540 1521 580 neque
1559 525 1782 568 emendata
1824 528 1928 569 satis
1972 530 2015 569 et

237 595 509 649 interpolata:
569 609 644 636 nec
695 594 842 635 dubito
895 594 997 648 quin
1047 594 1184 635 multa
1232 596 1389 637 rectius
1446 599 1706 638 tractaturus
1755 597 1928 654 fuerim,
1978 599 2014 640 si

237 664 553 707 KOEBERTII
592 666 721 707 editio
767 665 924 706 dudum
970 668 1214 719 exspectata
1257 669 1426 721 praesto
1471 667 1634 709 fuisset.
1705 666 1820 717 Quae
1863 669 1930 712 his
1972 672 2015 712 et

237 737 332 778 aliis
365 737 567 778 subsidiis
595 737 765 778 adscitis
792 736 928 791 magis
962 736 1240 790 grammatica
1265 737 1400 779 fretus
1434 738 1626 779 doctrina
1658 753 1786 793 quam
1817 740 2015 784 botanica

237 809 581 863 conscripseram,
608 823 656 850 ea
682 808 781 849 dum
807 808 1004 862 plagulae
1031 808 1310 849 emendantur
1335 808 1709 851 HERMANNVS
1738 809 2014 868 STADLER,

236 880 302 921 vir
328 880 455 921 etiam
488 880 779 921 botanicarum
814 879 1111 934 quaestionum
1143 880 1449 935 peritissimus,
1485 895 1611 935 quem
1644 880 2014 926 KOEBERTIVS

236 951 470 993 liberaliter
502 951 553 992 ad
586 954 835 1005 apparatum
869 965 993 991 suum
1027 950 1211 1006 admisit,
1243 966 1335 993 meo
1361 954 1515 1007 rogatu
1547 952 1730 1007 benigne
1764 953 1897 995 oculis
1922 969 2014 1009 per-

235 1022 452 1076 lustravit,
488 1037 572 1063 11011
605 1022 735 1063 semel
778 1021 994 1076 supplevit
1026 1025 1099 1063 aut
1139 1023 1342 1078 correxit,
1382 1023 1522 1064 fontes
1562 1023 1784 1080 indicavit,
1827 1025 2016 1067 maculas

236 1094 433 1135 removit:
479 1093 598 1135 0111113
644 1093 938 1135 adnotationes
983 1094 1248 1149 marginibus
1293 1094 1477 1136 adiectas
1523 1095 1637 1150 quod
1679 1096 1762 1138 loci
1804 1097 2015 1152 angustiis

236 1180 408 1219 pressus
450 1180 584 1219 neque
630 1180 774 1206 omnes
818 1180 954 1220 neque
992 1165 1139 1220 plenas
1181 1165 1380 1208 exhibere
1411 1167 1534 1221 potui
1576 1166 1849 1209 vehementer
1881 1168 2014 1210 doleo.

237 1236 442 1278 Formas
469 1236 849 1278 recentissimas
868 1236 1021 1278 harum
1048 1236 1287 1292 glossarum
1308 1237 1351 1278 in
1377 1237 1624 1279 universum
1650 1241 1859 1293 temptare
1884 1239 2014 1281 nolui.

355 1310 391 1349 (ἰ.
442 1307 650 1349 Glossas
694 1308 1123 1363 anglosaxonicas
1168 1309 1361 1350 codicum
1404 1308 1753 1365 Amploniani,
1803 1310 2013 1366 collegii

238 1379 467 1434 corporis
520 1379 714 1421 Christi
765 1379 1230 1435 Cantabrigiensis,
1280 1379 1546 1422 Leidensis
1595 1381 1689 1422 fieri
1738 1395 1824 1423 non
1873 1381 2016 1436 potuit

240 1454 287 1491 ut
333 1465 505 1505 prorsus
557 1451 840 1493 excluderem:
891 1467 1071 1506 quarum
1123 1467 1380 1507 quamquam
1430 1452 1544 1493 haud
1594 1467 1751 1506 paucae
1801 1452 2034 1494 indicibusv

240 1521 524 1563 WRIGHTH
569 1525 611 1563 et
647 1522 1021 1577 WVELCIOERL
1064 1522 1383 1578 HESSELSII,
1424 1522 1867 1578 DIEFENBACHII,
1911 1524 2014 1565 item

238 1593 358 1635 libris
392 1597 433 1635 et
466 1594 896 1636 commentationibus
930 1593 1197 1649 SWEETH,
1230 1593 1539 1649 SIEVERSH,
1570 1594 1793 1650 KLVGII,
1826 1593 2014 1637 STEIN-

237 1664 466 1706 MEYERI
499 1665 701 1706 adhibitis
734 1681 757 1706 a
787 1681 854 1707 me
886 1666 1061 1708 tractari
1092 1668 1342 1721 potuerunt,
1374 1681 1470 1707 cum
1502 1669 1645 1707 tamen
1679 1666 1838 1707 multae
1871 1681 2014 1721 super·

237 1739 395 1791 essent,
440 1751 543 1790 quas
585 1751 635 1778 ne
681 1737 888 1792 attingere
933 1738 1103 1792 quidem
1148 1738 1364 1792 auderem,
1407 1737 1440 1778 F
1443 1736 1773 1778 RIDERIOVM
1815 1736 2013 1779 KLVGE

238 1809 421 1849 amicum
472 1810 632 1849 certum
682 1808 872 1863 mihique
928 1809 1397 1863 benevolentissimum,
1450 1809 1570 1850 cuius
1627 1808 1786 1850 auxilio
1837 1808 1921 1849 iam
1970 1809 2014 1849 in

240 1880 410 1935 ‘glossis
456 1879 691 1921 nominum'
737 1880 907 1922 edendis
952 1896 1053 1923 usus
1099 1896 1253 1935 essem,
1297 1881 1434 1922 denuo
1479 1880 1719 1921 sollicitavi.
1780 1879 1930 1934 Neque
1971 1879 2016 1920 id

237 1951 414 1992 frustra:
440 1966 538 1992 nam
565 1951 600 1991 is
632 1951 738 1992 mihi
766 1952 814 1993 de
840 1952 987 1993 multis
1021 1952 1344 2007 quaestionibus
1376 1951 1588 1993 indefesso
1621 1951 1762 1992 studio
1795 1950 2016 2005 respondit

238 2022 435 2076 ipsasque
479 2022 672 2077 plagulas
717 2023 938 2076 percurrit.
1000 2023 1174 2065 Praeter
1205 2021 1476 2065 KLVGIVM
1521 2022 1649 2063 etiam
1693 2020 2013 2062 EDVARDVS

240 2092 484 2134 sIEVERS
516 2093 629 2134 haud
667 2095 812 2148 paucis
851 2095 954 2136 locis
988 2110 1054 2136 me
1094 2095 1273 2137 consilio
1307 2097 1349 2136 et
1387 2093 1580 2135 doctrina
1618 2093 1801 2148 benigne
1839 2092 2013 2134 adiuvit.

359 2165 393 2205 7.
427 2164 600 2206 Praeter
627 2180 697 2206 003
724 2166 837 2207 viros
869 2166 1014 2208 doctos
1042 2181 1148 2221 quos
1176 2166 1226 2208 de
1252 2166 1445 2220 partibus
1479 2164 1734 2219 quibusdam
1760 2163 1888 2205 huius
1914 2163 2014 2205 libri

239 2236 398 2290 optime
424 2236 598 2277 meritos
625 2251 715 2278 esse
743 2240 863 2291 grato
891 2238 1032 2279 animo
1059 2238 1276 2292 professus
1303 2252 1410 2291 sum,
1435 2239 1521 2277 tres
1547 2235 1629 2277 viri
1655 2234 2014 2277 commemorandi

239 2309 338 2348 sunt
370 2321 550 2361 quorum
578 2308 718 2348 studia
743 2310 785 2349 et
811 2309 963 2349 merita
988 2309 1039 2350 ad
1067 2324 1212 2351 omnes
1238 2311 1380 2364 partes
1406 2307 1566 2363 pariter
1597 2309 1807 2361 spectant:
1838 2305 2014 2348 FRAN-

240 2376 434 2419 CISCVS
461 2378 813 2420 B'VECHELER
841 2381 915 2435 (z
936 2379 1122 2436 Beseda),
1157 2378 1491 2421 GVILELMVS
1517 2376 1794 2419 HERAEVS
1827 2376 1904 2434 (=
1923 2376 2014 2434 H),

242 2448 589 2490 FRIDERICVS
618 2449 892 2491 SCHOELL:
926 2452 998 2505 qui
1030 2467 1115 2492 11011
1147 2452 1273 2493 1110ᾶο
1306 2450 1492 2505 plagulis
1525 2449 1810 2491 emaculandis
1842 2463 2013 2504 operam

242 2520 541 2561 dedicaverunt
573 2521 800 2562 salutarem
840 2521 1245 2577 typothetarumque
1283 2522 1389 2563 vitia
1420 2536 1444 2562 a
1474 2535 1540 2562 me
1579 2520 1772 2576 neglecta
1809 2520 2013 2561 absterse-

239 2594 350 2646 runt,
383 2592 455 2632 sed
481 2592 609 2633 etiam
636 2607 752 2634 ineos
780 2608 942 2634 errores
969 2608 1054 2634 non
1082 2594 1212 2635 semel
1244 2595 1529 2647 correxerunt,
1568 2592 1855 2633 dubitationes
1887 2591 2012 2633 modo

240 2666 465 2704 moverunt
504 2664 627 2705 modo
667 2668 953 2719 removerunt,
992 2665 1266 2707 difficultates
1305 2665 1427 2707 docte
1465 2664 1778 2718 explicuerunt,
1815 2664 2015 2717 corrupta

239 2734 420 2776 feliciter
458 2735 803 2777 emendaverunt:
843 2751 1023 2790 quorum
1056 2736 1229 2777 nomina
1261 2736 1374 2791 quod
1410 2735 1654 2790 frequenter
1685 2734 1863 2776 redeunt
1893 2733 2015 2774 iuxta

240 2820 404 2847 1110011111
437 2806 684 2860 gaudebunt
716 2807 787 2860 qui
820 2806 899 2847 hac
931 2807 1094 2861 sylloge
1126 2811 1311 2849 utentur.

359 2888 523 2942 lenae,
557 2904 698 2930 11101130
730 2889 954 2932 Decembri
988 2905 1021 2930 a.
1059 2889 1442 2932 MDCCGXOVHI.
1753 2944 1791 2989 G
1840 2943 1878 2989 G
