2190 3475
593 715 903 763 ADDENDA
943 716 1024 762 ΕΤ
1065 714 1479 762 OORRIGENDA
1516 714 1551 761 I.

282 822 348 856 Tot
374 822 476 855 milia
500 821 701 866 ylossdrztm
724 830 804 854 eum
824 820 987 864 primum
1009 820 1047 852 in
1072 818 1232 852 scidulas
1258 821 1372 852 essent
1397 817 1605 863 digerenda,
1632 818 1716 852 inde
1742 819 1858 853 denuo
1878 830 1960 853 eon-

183 870 348 911 texenda,
363 873 526 904 contexta
548 869 645 912 typis
664 867 908 909 describenda,
921 866 1029 909 facile
1049 866 1187 900 evenire
1203 865 1334 909 potnit,
1354 869 1395 899 ut
1413 866 1500 900 haee
1518 865 1572 900 vel
1591 866 1657 900 illa
1676 866 1795 911 ylo-ssa
1811 878 1962 910 prorsus

183 917 451 960 subter-smeret.
501 916 619 959 Atque
645 925 862 959 quamquam
901 924 1045 957 operam
1070 913 1155 947 dedi
1190 913 1369 958 froqit=tvas
1393 916 1435 947 ut
1465 913 1699 957 retraherem,
1739 918 1858 948 tamen
1883 915 1963 957 fieri

182 975 256 999 non
287 954 422 1008 pot‘zw't,
460 963 549 1007 quin
581 963 622 996 in
659 961 837 996 adelendis
874 961 1016 994 demum
1053 960 1254 994 nonnullae
1286 964 1527 1004 ponerentur,
1564 962 1721 995 maxime
1764 961 1805 995 in
1838 962 1962 1005 priore

178 1016 286 1057 parte
312 1012 415 1045 libri:
440 1011 481 1043 in
501 1010 698 1053 posteriore
723 1009 788 1042 hoe
812 1012 853 1042 ut
878 1009 1073 1042 evitaretur
1094 1008 1282 1051 provisum
1308 1011 1367 1042 est.
1401 1028 1444 1032 —-
1473 1008 1734 1054 abhorreseo]
1761 1009 1854 1043 adde
1881 1010 1962 1043 δια-

182 1064 293 1103 φωνῶ
319 1057 352 1091 Π
379 1061 457 1101 275,
485 1060 539 1090 49.
605 1055 789 1102 abigeus]
817 1055 910 1089 adde
930 1060 1013 1099 post
1037 1054 1071 1088 V
1096 1058 1177 1097 492,
1206 1059 1247 1089 15
1275 1056 1441 1100 (contam.
1469 1067 1549 1090 cum
1578 1055 1760 1101 auidUSP).
1812 1056 1961 1090 abomi-

181 1105 350 1151 nandus]
389 1105 481 1139 adde
516 1107 596 1148 post
632 1103 666 1136 Π
692 1107 772 1146 242,
801 1107 844 1136 12
883 1102 1070 1137 ἀπευκτόν
1108 1103 1142 1136 Π
1168 1106 1248 1146 234,
1274 1107 1330 1137 49,
1406 1103 1603 1149 abscidio]
1639 1115 1706 1138 scr.
1734 1103 1905 1148 ἀποτομή
1930 1104 1963 1138 Π

181 1157 259 1196 241,
285 1155 340 1187 48.
399 1150 629 1196 absorbuit]
668 1150 819 1185 absorta
857 1152 977 1184 est:
1006 1151 1110 1195 Vuzy.
1143 1150 1222 1185 Gor.
1255 1150 1271 1184 I
1304 1154 1358 1193 15,
1393 1154 1437 1184 54
1475 1152 1534 1195 (ef.
1574 1151 1722 1186 Lachm.
1762 1151 1811 1185 ad
1849 1151 1959 1186 Luer.

173 1212 212 1245 p.
241 1201 334 1245 254).
386 1198 598 1244 abstrudo]
624 1209 688 1233 ser.
718 1195 919 1242 ἐξώθησεν.
983 1198 1144 1244 abusat]
1170 1199 1214 1242 ef.
1244 1197 1410 1232 abusiue.
1488 1199 1650 1244 abutor]
1676 1198 1710 1232 Π
1736 1202 1816 1242 242,
1843 1201 1888 1232 44
1914 1204 1964 1234 est

179 1248 410 1291 ἀποχρώμαι.
485 1246 640 1291 aeatus]
674 1246 713 1280 V.
742 1246 910 1280 carabus.
985 1245 1146 1292 aec-edo]
1183 1247 1232 1281 ad
1257 1245 1441 1280 accedunt
1467 1247 1511 1290 ef.
1541 1246 1622 1281 GR.
1650 1247 1695 1281 L.
1722 1245 1789 1280 VII
1816 1250 1896 1290 264,
1918 1250 1961 1280 20

178 1293 391 1340 (accidunt).
443 1293 683 1339 accidentia]
717 1294 756 1328 V.
779 1292 956 1328 addictio.
1008 1293 1179 1340 accitus]
1205 1294 1298 1328 adde
1323 1295 1479 1328 uocatus
1499 1293 1550 1328 IV
1574 1297 1606 1338 5,
1627 1297 1670 1328 41
1692 1298 1724 1329 et
1744 1293 1796 1327 IV
1816 1297 1895 1338 302,
1917 1298 1962 1328 54

177 1347 261 1377 ante
284 1342 317 1376 V
338 1345 417 1385 625,
440 1345 495 1376 17.
546 1341 656 1386 aceo]
686 1341 764 1375 acie
790 1341 902 1375 turba
928 1341 977 1376 H.
1000 1352 1070 1385 pro
1097 1342 1181 1375 acet
1206 1342 1346 1375 curuat.
1399 1341 1598 1388 aeerrale]
1625 1342 1729 1388 λαβίς
1753 1341 1804 1376 H.
1835 1342 1963 1388 Ἱαβῆς

179 1391 210 1424 ὃ.
239 1390 286 1424 ab
320 1400 444 1432 acore,
483 1390 665 1433 quantum
698 1388 818 1433 digito
849 1389 1025 1433 prendas'
1064 1389 1200 1424 Buech.
1276 1389 1494 1435 aciseulus]
1529 1388 1709 1433 axinoryx
1731 1400 1800 1433 pro
1827 1389 1962 1423 axedo-

177 1436 234 1471 nis
259 1437 310 1471 H.
374 1437 630 1482 aerouysstae]
662 1437 706 1479 ef.
736 1436 853 1471 Firm.
880 1437 988 1471 math.
1024 1448 1061 1480 p.
1089 1440 1133 1470 50
1160 1436 1213 1471 ed.
1240 1436 1299 1471 Sk.
1326 1441 1358 1471 et
1384 1437 1432 1471 K.
1497 1437 1616 1472 acuto
1654 1436 1824 1482 murice]
1859 1437 1960 1482 Very.

177 1485 268 1519 Aen.
290 1484 416 1519 V205.
469 1484 627 1530 acutor]
649 1484 715 1519 del.
737 1484 895 1518 auctor.
947 1484 1109 1518 acutum
1130 1485 1266 1530 cerno]
1294 1495 1323 1519 v.
1347 1486 1489 1518 certum
1507 1495 1583 1518 non
1603 1495 1722 1519 cerno.
1775 1484 1961 1531 adhibeo]

177 1544 243 1567 scr.
271 1532 612 1578 παραλαμβάνομαι
639 1533 723 1576 (pro
749 1534 822 1573 -ω).
887 1531 1099 1578 adhibitis]
1126 1543 1190 1566 scr.
1219 1531 1628 1576 avvnapazmpoe'vtoev.
1680 1531 1962 1578 admissarius]

177 1580 242 1614 del.
271 1580 310 1614 V.
328 1579 553 1614 amissarius.
605 1579 762 1625 adoleo]
783 1579 848 1613 del.
865 1597 908 1608 =
925 1578 1016 1613 oleo.
1069 1579 1206 1625 adulo]
1224 1579 1348 1623 postII
1363 1583 1442 1624 313,
1459 1583 1502 1613 63
1523 1581 1617 1615 adde
1637 1581 1751 1615 σαίνω
1765 1579 1799 1613 H
1813 1583 1892 1623 429,
1907 1584 1961 1614 34.

178 1627 388 1673 adumbro]
429 1626 608 1662 describit
641 1638 709 1671 pro
737 1626 925 1671 discrepat
950 1627 1000 1661 H.
1064 1627 1286 1673 Aeneadae]
1314 1639 1344 1662 v.
1372 1627 1554 1662 Eneades.
1623 1627 1823 1674 aenigma]
1850 1639 1880 1662 v.
1908 1627 1962 1661 in-

178 1685 329 1720 aegnea.
381 1676 492 1719 aera]
526 1676 572 1718 cf.
598 1675 688 1709 Isid.
717 1674 765 1708 VI
794 1678 848 1718 15,
875 1678 906 1708 4.
935 1678 966 1708 5.
1019 1674 1152 1709 aeriae
1178 1674 1337 1721 uirgae]
1363 1686 1428 1710 ser.
1455 1684 1585 1710 uerua
1610 1674 1742 1720 uirgae
1767 1674 1791 1709 f.
1819 1675 1869 1709 H.
1918 1675 1959 1710 V.

177 1733 277 1757 ueru.
330 1721 525 1768 affabilis]
551 1733 582 1757 v.
611 1721 781 1756 effabilis
834 1722 1018 1768 affector]
1046 1721 1200 1757 offector
1221 1723 1346 1766 priore
1367 1723 1440 1757 loeo
1460 1723 1511 1758 H.
1563 1722 1872 1769 affrutabulum]
1893 1734 1959 1757 ser.

177 1769 243 1804 afr.
295 1769 502 1813 agg-audeo
539 1771 657 1814 suppl.
684 1769 735 1804 H.
774 1769 807 1803 II
833 1773 913 1813 423,
941 1773 997 1804 40.
1049 1769 1221 1816 agitata]
1249 1771 1297 1805 de
1323 1781 1495 1805 mensura
1530 1771 1575 1814 ef.
1609 1771 1713 1815 Vuly.
1741 1770 1831 1805 Luc.
1859 1775 1891 1814 6,
1919 1774 1962 1805 33

177 1817 368 1861 coagitata
392 1828 575 1852 mensura.
633 1817 796 1862 agnina]
819 1828 888 1861 pro
914 1818 1047 1861 ἀρνεία
1072 1829 1138 1853 ser.
1166 1817 1288 1861 ἄρνια.
1353 1818 1570 1861 Agrantos]
1599 1830 1663 1853 scr.
1692 1817 1902 1863 Agrianios
1929 1829 1960 1853 r.

175 1876 330 1899 menses.
382 1864 525 1911 allido]
541 1865 717 1899 adlectat
731 1864 864 1899 adlicit
877 1865 1034 1900 nuneH.
1085 1866 1191 1900 Adde
1204 1865 1457 1900 Almaeinum
1471 1865 1778 1900 v.DaImatinum.
1830 1865 1959 1900 almus

177 1913 289 1958 ager]
310 1913 376 1947 del.
399 1916 442 1957 (v.
465 1914 620 1957 aruum).
670 1913 776 1947 Adde
803 1912 945 1947 alueus
975 1924 1005 1947 v.
1028 1913 1116 1957 ales,
1143 1912 1284 1948 ulucus.
1335 1913 1570 1960 Amaryllis]
1596 1926 1627 1948 v.
1648 1912 1829 1958 Maryllis
1881 1923 1961 1948 am-

176 1959 335 2006 baotus]
361 1971 427 1995 ser.
454 1961 594 2004 δοῦλος,
622 1960 816 2004 μισθωτός.
868 1960 1081 2003 ambiguus
1107 1961 1177 1995 hoo
1204 1961 1300 1995 amb.
1329 1962 1367 1995 et
1391 1960 1484 1996 haee
1510 1961 1606 1996 amb.
1634 1961 1728 1996 adde
1748 1960 1781 1995 V
1802 1964 1880 2005 300,
1903 1965 1958 1996 61.

176 2007 382 2053 ambuuia]
398 2008 442 2050 ef.
461 2008 614 2053 θεον-968
628 2007 842 2042 ambubaia.
885 2008 1149 2053 ‘Wegewarte’
1166 2009 1304 2052 confert
1318 2009 1452 2044 Bueeh.
1481 2009 1588 2044 Adde
1602 2008 1826 2044 amenticus
1847 2020 1877 2044 v.
1900 2009 1962 2042 de—

175 2054 368 2089 mentieus
420 2056 690 2102 amfragosus]
718 2056 1000 2100 περιοδεύσιμος
1031 2055 1143 2096 τόπος
1168 2056 1200 2090 Π
1220 2060 1300 2100 403,
1323 2060 1377 2091 33.
1430 2056 1592 2102 amicio]
1618 2055 1888 2103 περιβάλλομαι
1914 2060 1963 2090 est

177 2101 360 2137 amicior.
401 2102 703 2149 amplexabilis]
729 2114 794 2138 ser.
817 2102 1048 2149 Ἆβρότονονε
1075 2115 1162 2138 nam
1186 2115 1316 2138 nomen
1342 2108 1399 2139 est.
1451 2104 1672 2150 animulus]
1699 2115 1729 2139 v.
1751 2103 1893 2148 papilio
1914 2103 1959 2147 (V

176 2153 255 2193 318,
277 2152 345 2195 33).
397 2150 726 2196 antescholanus]
755 2151 807 2194 Cf.
830 2151 880 2184 III
902 2155 980 2194 277,
1002 2155 1057 2185 32
1109 2151 1254 2198 antlia]
1281 2153 1326 2195 cf.
1349 2151 1507 2186 sentina.
1559 2151 1773 2197 aphrodin]
1795 2156 1896 2194 reete,
1915 2152 1960 2194 ef.

175 2197 265 2232 Isid.
281 2197 366 2231 VIII
382 2201 436 2242 11,
453 2202 506 2232 76.
559 2199 770 2244 apogeum]
792 2199 837 2241 ef.
857 2199 948 2233 Isid.
970 2198 1036 2232 XV
1058 2203 1089 2243 3,
1113 2203 1168 2232 12.
1218 2200 1338 2245 aqua]
1360 2211 1389 2234 v.
1411 2210 1455 2234 ex
1476 2210 1586 2244 aqua.
1637 2198 1870 2245 aquagium]
1892 2210 1958 2233 ser.

182 2244 221 2279 Γ.
251 2245 458 2288 aquarium.
509 2246 683 2292 aqualis]
706 2247 798 2280 adde
818 2245 949 2291 1ῐᾶὃρωψ
969 2247 1002 2280 II
1023 2250 1101 2291 462,
1124 2251 1179 2281 24.
1231 2248 1318 2293 ara]
1345 2260 1374 2282 v.
1396 2247 1585 2282 hasenam.
1638 2247 1959 2292 areumterebra]

176 2290 268 2334 ὅρυξ,
290 2293 341 2327 H.
393 2293 527 2339 arcus]
556 2298 639 2338 post
664 2303 782 2328 arcus
811 2293 915 2328 caeli
941 2295 1033 2329 adde
1059 2293 1139 2337 ἶρις.
1192 2295 1354 2338 argenti
1379 2294 1525 2341 bigati]
1553 2296 1636 2329 Liv.
1663 2294 1816 2328 XXXIII
1843 2298 1898 2337 23,
1929 2299 1958 2328 7.

179 2340 289 2386 arra]
315 2351 345 2375 v.
373 2340 613 2377 masculinus.
663 2342 722 2387 as]
749 2341 839 2375 chus
866 2341 1019 2387 congius
1046 2342 1095 2376 H.
1149 2352 1269 2386 asper
1295 2344 1332 2376 et
1357 2342 1586 2388 aspritudo]
1613 2342 1806 2377 dicendum
1825 2346 1902 2376 erat
1928 2346 1959 2375 et

176 2388 438 2431 respiciendum
463 2387 604 2433 ἄσπρος
625 2389 917 2435 Neoqraeeorum
937 2407 981 2418 Σ
1002 2389 1109 2424 albus
1136 2401 1222 2433 esse3
1250 2391 1295 2433 ef.
1318 2390 1466 2425 candor.
1535 2390 1662 2436 asser]
1690 2390 1735 2433 ef.
1762 2390 1853 2424 Isid.
1874 2389 1959 2423 XIX

178 2438 272 2477 19,7.
313 2435 478 2482 atrium]
493 2447 558 2471 ser.
573 2437 680 2481 πύλη.
702 2448 732 2471 v.
747 2436 965 2472 hastarium.
1004 2437 1148 2483 Attali]
1163 2438 1208 2481 ef.
1224 2438 1315 2472 Isid.
1331 2437 1415 2471 XIX
1432 2441 1527 2480 26,8.
1568 2437 1742 2483 attenso]
1760 2435 1958 2480 οὐδέτερον

174 2483 349 2516 neutrum
374 2483 423 2518 H.
493 2484 629 2530 audio]
656 2483 736 2518 odit
762 2486 804 2518 ut
830 2496 935 2519 sorex
968 2496 1099 2519 saurex
1125 2485 1175 2519 H.
1215 2486 1291 2520 coll.
1319 2486 1409 2520 Isid.
1438 2485 1504 2518 XII
1531 2489 1563 2529 3,
1592 2490 1622 2519 2.
1692 2484 1958 2529 auruneulus]

174 2540 205 2563 v.
233 2530 463 2566 arunculeus.
516 2531 757 2577 auspicium]
791 2533 836 2574 ef.
859 2532 954 2567 Serv.
976 2533 1017 2566 ‘in
1043 2533 1134 2567 Aen.
1156 2532 1224 2566 VII
1246 2536 1324 2568 257.
1376 2533 1528 2578 azyma]
1549 2533 1697 2567 ἄλεισον
1719 2550 1762 2561 -—-
1785 2543 1887 2566 zema
1906 2532 1957 2565 H.

176 2577 386 2623 Baebium]
426 2579 471 2621 cf.
504 2580 586 2614 Liv.
614 2579 784 2613 XXXVII
819 2583 874 2623 21,
904 2583 932 2614 7.
1007 2580 1160 2626 baium]
1187 2581 1262 2615 dele
1286 2592 1437 2625 prasum
1464 2585 1547 2615 ante
1573 2580 1622 2615 H.
1673 2579 1889 2625 barbiton]
1916 2580 1959 2613 de

176 2624 328 2659 barbita
354 2626 398 2668 ef.
426 2626 516 2661 Isid.
543 2627 594 2660 III
620 2631 676 2670 21,
702 2631 731 2661 3.
807 2627 922 2673 baro]
950 2628 1042 2662 adde
1068 2628 1158 2662 baro
1191 2627 1298 2662 fortis
1336 2627 1376 2661 in
1413 2627 1605 2662 laboribus
1643 2629 1746 2673 qloss.
1786 2627 1958 2662 arabicol.

177 2672 359 2718 batutus]
399 2673 546 2718 ἀναυδῆ
585 2676 630 2718 (et
654 2673 858 2719 battulum)
886 2675 936 2709 H.
1006 2675 1157 2710 bellum
1184 2675 1440 2722 intestinum]
1480 2676 1572 2710 adde
1597 2677 1756 2720 πόλεμος
1782 2672 1958 2719 ἐμφύλιος

178 2720 210 2752 II
236 2724 317 2763 411,
345 2723 399 2754 58.
451 2721 550 2755 bene
576 2722 728 2768 uertat]
755 2722 838 2757 Liv.
865 2722 1017 2756 XXXIV
1043 2727 1099 2766 34,
1127 2727 1158 2756 2.
1210 2723 1447 2769 bestiarius]
1474 2722 1660 2767 θηρευτής
1682 2733 1751 2767 pro
1777 2725 1958 2766 θηριοτης

176 2766 226 2801 H.
289 2768 396 2802 Adde
421 2767 633 2803 biduuium
659 2781 689 2804 v.
718 2769 792 2804 uid.
860 2770 1044 2816 bigener]
1077 2781 1107 2804 v.
1134 2771 1225 2805 Isid.
1252 2770 1372 2805 XVIII
1397 2775 1429 2814 4,
1456 2775 1487 2804 4.
1552 2770 1664 2816 bilis]
1698 2771 1736 2805 V.
1766 2769 1844 2804 sine
1870 2768 1955 2803 bile.

179 2813 415 2861 bilustrum]
442 2827 507 2850 scr.
536 2816 656 2851 decim
683 2816 800 2852 annis
869 2817 1038 2864 bissum]
1065 2829 1095 2852 v.
1124 2817 1275 2852 dissum.
1344 2818 1542 2853 bonorum
1570 2818 1681 2863 cedo]
1710 2815 1900 2861 ἐξίσταμαι
1925 2816 1958 2849 Π

178 2864 256 2905 303,
284 2867 326 2896 41
355 2864 398 2907 (υ.
426 2863 540 2908 cedo).
616 2865 854 2911 bradigabo]
893 2865 1117 2908 bradigabo
1154 2865 1358 2910 feldhoppo
1390 2866 1532 2900 ‘Iourw
1559 2867 1604 2909 of
1624 2865 1734 2899 Phil)
1763 2864 1796 2898 X
1823 2868 1883 2906 963
1911 2865 1955 2907 cf.

175 2909 306 2944 AHD.
348 2910 428 2944 GL.
466 2911 517 2944 IV
555 2912 642 2946 245'2
680 2916 725 2945 45
764 2913 923 2958 (1171196).
996 2913 1205 2959 bucinum]
1246 2925 1274 2948 v.
1307 2913 1472 2958 bigener.
1547 2913 1710 2958 bulbus]
1750 2924 1780 2946 v.
1810 2911 1954 2945 uulbos.

176 2956 333 2992 Burrae
359 2957 489 3004 Vatr.]
524 2970 590 2993 ser.
617 2959 735 2993 Burra
820 2960 1077 3007 eaduceator]
1114 2961 1196 2995 Liv.
1225 2961 1360 2994 XXXII
1386 2965 1441 3003 32,
1469 2964 1500 2995 5.
1575 2960 1712 3006 caedo]
1751 2971 1781 2994 v.
1819 2958 1955 3003 pugnis

175 3004 299 3038 caedo.
362 3006 576 3052 caelatum]
605 3007 698 3041 adde
729 3006 894 3041 caelatus
932 3007 1217 3053 πεπορνευμένος
1254 3008 1287 3042 II
1319 3011 1399 3051 453,
1427 3013 1481 3042 54.
1546 3008 1739 3053 calamus]
1772 3008 1816 3049 cf.
1852 3006 1954 3050 Vuly.

174 3051 249 3086 Ex.
279 3056 334 3096 25,
362 3056 424 3096 333
452 3053 683 3087 calamiseus.
758 3055 979 3101 caldarius]
1015 3056 1059 3099 ef.
1087 3055 1272 3090 aenulum.
1348 3055 1567 3102 calumnia]
1595 3056 1639 3098 ef.
1666 3055 1756 3089 Isid.
1784 3053 1817 3087 V
1843 3057 1898 3097 26,
1923 3058 1955 3086 8.

178 3099 285 3145 falx]
312 3112 342 3134 v.
373 3111 505 3136 career.
558 3101 714 3147 eanier]
735 3112 875 3146 ganeus
895 3103 945 3136 H.
998 3103 1166 3149 eaniles]
1192 3104 1389 3147 τηγανίτης
1415 3103 1464 3137 Η.
1518 3102 1718 3147 Canopus]
1744 3113 1773 3136 v.
1795 3103 1954 3135 excetra.
