2170 3480
465 147 668 182 agomanus

144 245 282 289 ἄγεσθε
320 243 353 277 Π
386 247 441 287 11,
467 248 529 287 32,
569 247 648 288 555,
675 247 731 278 26.
794 243 993 286 agebatur

141 291 377 326 tractabatur
406 290 457 325 IV
481 295 562 336 475,
590 295 621 326 9.
672 291 817 334 agetur
852 292 992 324 tracta-

142 339 244 374 bitur
263 338 314 373 IV
335 343 390 382 13,
406 342 460 374 23.
518 339 558 373 V.
578 338 618 372 id
639 350 720 384 ago,
742 340 826 372 acta
846 349 902 373 res
924 339 990 372 est.

190 387 416 430 Agomanus
442 398 473 421 r.
500 386 706 421 Parthicus.

190 435 304 477 Agou
330 435 517 468 certamen
542 433 593 468 IV
614 437 770 478 205,10;
792 433 824 467 V
839 437 918 477 263,
934 437 989 467 31.

142 483 340 525 certamen,
361 481 573 516 conflictum
592 480 642 515 IV
663 484 742 523 306,
765 484 818 515 51.
864 492 992 526 pugna

141 528 191 563 IV
211 532 290 573 483,
310 533 366 563 40.
418 529 577 574 agon[e]
603 530 791 563 certamen
809 528 860 562 IV
882 533 936 571 13,
958 532 989 562 6.

141 587 286 621 pugna,
314 578 501 611 certamen
526 576 577 610 IV
609 580 689 620 204,
716 580 772 611 45.
823 585 990 619 agonem

142 627 329 659 cert-amen
353 623 387 658 V
412 627 492 668 438,
521 628 574 659 14.

188 671 385 715 Agonalia
424 674 461 706 et
501 671 695 715 agonaria
737 674 876 706 θυσειᾶ
916 671 992 716 (ubi

140 721 258 754 θυσία
290 719 405 764 Vulc.)
430 719 463 753 Π
491 723 545 763 11,
572 723 627 754 36.

189 766 343 810 Agonia
368 767 493 802 hostia
516 766 567 801 IV
595 771 650 811 13,
670 770 734 811 40,
762 766 841 810 306,
869 770 931 811 40,
958 766 991 801 V

141 818 221 858 263,
256 818 318 859 40,
364 819 443 857 344,
481 819 544 858 42,
589 818 669 857 438,
710 819 770 856 19,
816 818 895 858 590,
935 818 990 849 41.

143 862 312 906 agoniae
350 862 512 906 hostiae,
551 862 728 897 uictimae
765 862 817 896 IV
843 866 923 905 205,
951 866 991 904 23

141 909 174 943 V
199 913 280 953 438,
304 914 357 945 11.
408 909 584 944 uictimae
610 910 660 944 IV
680 913 761 953 483,
775 914 837 952 43,
864 909 991 952 V263,

143 961 203 1001 60,
231 962 311 1001 589,
334 962 387 992 11.
439 957 608 1001 agoniae
628 957 807 992 uictimae
827 957 888 991 uel
908 957 991 991 hos-

140 1004 227 1040 tiae.
272 1004 397 1040 hostia
418 1007 542 1039 autem
561 1004 690 1049 minor,
706 1004 861 1039 uictima
874 1003 993 1038 maior

142 1053 201 1098 (cf.
225 1053 306 1088 G-R.
328 1053 372 1088 L.
393 1052 460 1087 VIi
482 1056 561 1096 532,
590 1054 658 1096 13),
686 1051 774 1096 quia
799 1051 875 1086 icta
901 1051 992 1097 (ictu

144 1101 188 1135 G.
231 1100 309 1135 ictu
346 1110 523 1145 percussa
559 1100 650 1134 Isz'd.
688 1099 739 1133 VI
767 1103 821 1143 19,
848 1104 910 1143 343
945 1100 990 1143 cf.

148 1148 203 1183 W.
232 1148 398 1183 Heraeus
430 1148 538 1183 Arch.
567 1147 616 1181 VI
642 1151 710 1181 274
742 1148 805 1192 qui
830 1159 928 1182 nuuc
953 1147 992 1181 ui

141 1195 233 1231 icta:
267 1196 372 1231 aliter
409 1195 574 1230 Roeusch
601 1195 687 1230 Con.
721 1196 812 1240 phil.
844 1207 881 1239 p.
910 1196 992 1239 291)

142 1242 244 1277 cadit
267 1243 329 1278 uel
367 1242 457 1287 quia
494 1242 623 1277 uincta
652 1243 700 1277 ad
740 1253 821 1277 aras
859 1242 993 1287 perdu-

141 1290 246 1325 citur.
306 1290 452 1325 hostiae
490 1292 616 1325 autem
654 1301 797 1335 aequae
835 1292 914 1335 (om.
945 1290 992 1335 G)

142 1339 188 1373 ab
238 1338 482 1382 hostimento,
532 1337 572 1372 id
622 1340 678 1373 est
727 1340 992 1382 aequamento,

140 1385 229 1432 <uel
266 1386 366 1430 quod
403 1386 577 1433 *****>
616 1386 676 1420 uel
703 1386 803 1430 quod
839 1386 993 1420 deorum

140 1435 282 1468 mentes
334 1433 577 1469 aestimentur
625 1433 775 1478 iniquae
830 1433 992 1480 [hostiae

141 1483 267 1517 autem
316 1484 395 1527 (om.
435 1482 496 1525 R.)
545 1481 668 1516 dictae
713 1481 760 1516 ab
805 1492 847 1516 eo
892 1482 993 1525 quod

141 1540 208 1574 per
243 1529 329 1564 illas
367 1529 578 1564 sacerdotes
615 1529 742 1564 futura
783 1528 992 1576 nuntient}

140 1577 238 1611 unde
270 1577 386 1612 etiam
417 1576 563 1621 antiqui
594 1576 808 1623 peregrinos
843 1579 880 1611 et
910 1576 994 1622 pari

140 1624 220 1660 iure
251 1624 422 1659 uiuentes
449 1624 599 1672 <****>
628 1625 721 1660 adeo
752 1636 870 1669 usque
895 1636 993 1659 nunc

140 1672 277 1717 hostes,
299 1672 440 1707 duelles
463 1672 707 1719 appellabant
720 1673 866 1718 (Festus
880 1673 995 1707 Pauli

143 1724 222 1766 102,
250 1724 286 1764 7,
323 1720 419 1756 Serv.
446 1721 488 1755 iu
513 1722 604 1756 Aeu.
631 1720 682 1754 IV
707 1722 802 1766 424).
852 1720 993 1755 1102112-

141 1780 222 1802 rum
246 1769 371 1803 autem
398 1767 712 1816 (immolatione)
740 1769 828 1804 deos
855 1779 992 1813 aequos

141 1815 236 1860 fieri,
263 1816 363 1860 quod
383 1817 440 1850 est
467 1816 670 1861 propicios,
697 1816 808 1862 (Serv.
835 1817 877 1851 iu
901 1817 991 1851 Aen.

141 1863 175 1897 Π
190 1866 270 1908 156)
295 1866 443 1908 praeter
463 1864 636 1908 antiquos
651 1863 802 1917 <****>
817 1864 992 1910 agebant.

141 1911 329 1957 Vergilius
368 1922 515 1956 quoque
540 1911 580 1946 in
610 1911 730 1957 primo
755 1911 852 1946 libro
879 1914 992 1956 (479):

120 1958 302 1994 “interea
335 1959 383 1994 ad
417 1959 599 2004 templum
630 1971 703 1994 non
743 1970 885 2004 aequae
909 1960 992 1994 Pal-

141 2006 238 2041 ladis
279 2006 415 2051 ibant’,
453 2007 523 2042 hoc
560 2009 617 2042 est
652 2007 789 2051 iratae,
826 2018 902 2042 non
951 2010 994 2042 ut

141 2053 309 2100 plerique
335 2054 572 2100 grammatici
598 2055 874 2099 existimabant,
904 2055 993 2090 ‘non

142 2103 313 2147 aequam'
347 2103 432 2138 ideo
469 2103 570 2147 quod
606 2102 726 2149 magis
763 2102 803 2137 in
841 2102 992 2138 Graecis

141 2161 254 2195 quam
290 2150 462 2185 Troianis
506 2150 629 2186 fuerit.
684 2151 772 2186 ‘non
816 2152 988 2195 aequam’

142 2209 229 2244 ergo
255 2197 391 2233 iratam
411 2197 567 2233 dicimus
589 2199 689 2234 Plac.
711 2198 744 2232 V
757 2202 814 2243 45,
829 2202 873 2233 28
895 2217 939 2228 =
960 2198 993 2233 V

142 2249 175 2291 8,
202 2250 222 2280 3
261 2246 338 2291 (ubi
375 2246 412 2281 R
448 2247 500 2281 sic
536 2247 657 2282 habet:
694 2246 865 2281 uiuentes
899 2246 991 2281 adeo

142 2305 259 2338 usque
283 2293 364 2328 fieri
397 2294 496 2338 quod
530 2295 586 2328 est
621 2293 807 2339 propicios
844 2296 994 2339 praeter

142 2341 316 2386 antiquos
367 2340 532 2387 agebaht
579 2343 765 2388 sequentia
812 2343 995 2378 omittens:

143 2390 314 2425 lacunam
346 2391 503 2425 mediam
539 2391 591 2425 sic
620 2391 739 2435 explet
773 2390 992 2435 Deuerliuy:

143 2437 314 2472 uiuentes
347 2437 473 2472 hostes
509 2437 702 2481 dicebant,
739 2439 780 2472 at
805 2448 866 2472 eos
902 2449 994 2481 quos

142 2497 240 2520 1111110
264 2485 390 2520 1102102
422 2485 564 2520 duelles
597 2485 850 2531 appellabant.
900 2486 995 2520 idem

142 2532 400 2568 immolatione
420 2534 599 2578 supplevit
611 2538 644 2568 et
662 2538 819 2568 eoetrema
839 2534 991 2578 abiecit).

149 2581 190 2616 V.
205 2580 368 2626 aglom'a.
409 2581 552 2616 Turbas
570 2582 734 2616 iudicavi
747 2582 873 2626 potius
886 2593 994 2626 quum

144 2640 285 2664 removi.

191 2677 346 2720 Agonia
389 2675 581 2720 alacritas,
620 2676 729 2722 uigor
766 2676 816 2710 lV
848 2681 903 2722 13,
933 2681 992 2720 14,

143 2727 224 2769 483,
240 2728 301 2769 17,
326 2724 360 2759 V
382 2727 459 2767 164,
475 2727 528 2758 50.
579 2724 728 2769 fiducia,
755 2724 992 2768 confidentia,

145 2771 321 2806 alacritas
364 2772 398 2806 V
428 2775 506 2815 164,
534 2775 589 2806 51.
653 2771 844 2818 alacritas,
893 2783 995 2807 amor

144 2819 206 2854 uel
230 2819 339 2865 uigor
363 2819 414 2854 IV
440 2822 519 2863 205,
545 2823 578 2854 4.

192 2867 386 2911 Agonista
412 2868 574 2901 certator
591 2866 641 2901 IV
663 2871 717 2912 13,
740 2870 800 2911 15,
827 2871 908 2911 483,
928 2871 990 2909 41,

145 2914 177 2948 V
194 2919 272 2960 165,
288 2920 319 2949 1.
369 2914 435 2959 (1111
460 2914 573 2948 discit
595 2913 701 2949 illam
727 2916 846 2950 artem
870 2915 990 2958 V338,

147 2965 201 2997 18.
251 2964 314 2998 Au
337 2964 407 2998 huc
432 2963 607 3007 pertinet:
638 2962 803 3005 agoniat
829 2964 993 2997 certatur

145 3009 179 3044 V
204 3013 284 3054 164,
310 3014 379 3045 52‘?
405 3022 456 3045 cm
482 3008 737 3057 agoni<z>at‘?

194 3058 419 3100 Agonizans
443 3068 615 3103 pugnans
641 3057 674 3091 V
700 3060 779 3102 560,
805 3061 862 3092 28.

194 3105 394 3149 Agonizor
419 3107 476 3140 est-
501 3105 620 3140 luctor
645 3104 678 3139 V
704 3108 783 3150 615,
812 3109 866 3140 13.

1373 135 1451 181 agri
1479 137 1601 170 custos
1857 136 1914 175 45

1113 242 1364 286 Agonotheta
1389 242 1454 286 qui
1475 242 1705 277 certantibus
1726 241 1915 286 praesidet

1065 290 1114 324 IV
1137 294 1217 334 306,
1240 294 1300 334 52,
1327 290 1360 323 V
1379 294 1459 333 438,
1483 294 1535 324 15.
1588 290 1823 333 agonitheta
1849 289 1913 333 qui

1065 338 1144 382 ipse
1184 339 1332 382 praeest
1369 338 1408 371 in
1445 337 1545 372 bello
1584 337 1635 371 IV
1661 341 1740 377 205,
1768 341 1800 371 3.
1851 336 1914 380 qui

1064 388 1211 430 praeest
1235 386 1274 419 in
1294 385 1392 420 bello
1410 385 1460 419 IV
1474 389 1555 429 483,
1571 389 1625 420 42.
1678 384 1742 429 qui
1768 386 1916 430 praeest

1064 432 1166 467 luctu
1187 433 1360 475 (11101203)
1381 432 1414 465 V
1430 436 1509 475 263,
1525 436 1580 467 58.
1621 432 1792 477 princeps
1812 431 1915 466 illius

1065 480 1154 515 artis
1167 480 1199 514 V
1211 484 1358 523 338,16.
1395 480 1637 522 agonotheta
1653 481 1719 524 (cel
1734 479 1915 525 agonith.)

1064 527 1220 572 praemii
1244 527 1411 561 indultor
1429 527 1479 560 IV
1501 531 1555 569 13,
1577 532 1630 562 34.
1683 528 1801 562 Addit
1823 536 1914 570 ago-

1064 575 1222 610 nitheta
1258 574 1462 620 praeliator
1493 574 1554 608 uel
1592 574 1748 619 praemii
1787 577 1916 609 auctor

1064 623 1191 658 Loewe
1216 623 1346 657 Prodr.
1376 625 1443 656 160
1473 634 1516 656 ea‘
1554 623 1627 656 cod.
1657 623 1766 658 Beru.
1795 624 1829 657 A
1857 626 1911 657 91.

1066 670 1120 714 Cf.
1151 671 1231 705 GR.
1261 671 1303 704 L.
1330 670 1447 713 suppl.
1476 673 1532 712 95,
1560 673 1613 703 10.

1112 719 1245 761 Agora
1270 717 1368 752 foras
1381 717 1436 761 (cle
1448 717 1695 761 ve=⁷·b.2·nte1·p=r.
1709 735 1753 745 =
1763 718 1914 752 Hieron.

1065 767 1106 800 iu
1132 766 1266 800 Matth.
1297 768 1350 809 11,
1379 768 1422 798 16
1447 776 1534 809 sqq,
1559 765 1624 799 ubi
1651 762 1690 799 ἐν
1716 765 1848 813 ἀγορᾷ)
1883 765 1917 798 V

1066 817 1147 857 417,
1174 816 1194 846 8
1220 814 1285 857 (au
1309 812 1477 850 foi-uma.

1113 861 1293 903 Agragas
1336 851 1461 894 mons'
1487 858 1637 893 Siciliae
1680 859 1729 893 IV
1764 864 1844 903 428,
1874 864 1916 894 18
1986 885 1991 891 .

1065 910 1124 952 (=
1140 908 1242 953 Very.
1259 909 1348 942 Aen.
1366 907 1414 940 ΠΙ
1431 911 1513 942 703:
1541 908 1586 950 cf.
1602 907 1772 952 Servius).
1812 919 1916 941 mons

1066 958 1122 990 est
1141 955 1174 989 V
1195 959 1274 998 549,
1297 959 1350 989 10.
1401 966 1536 990 nomen
1561 954 1698 989 montis
1725 954 1763 988 111
1788 954 1915 989 Sicilia

1066 1003 1116 1037 IV
1143 1006 1222 1047 205,
1250 1007 1282 1038 5.

1113 1051 1314 1094 Agrantos
1352 1049 1644 1094 Byzantinorum
1680 1050 1811 1095 lingua
1843 1050 1917 1084 Au-

1065 1101 1197 1144 gustus
1212 1097 1347 1133 mensis
1363 1097 1500 1132 dicitur
1514 1098 1634 1141 V165,
1647 1101 1678 1132 3.
1712 1098 1751 1132 V.
1762 1109 1917 1133 menses,

1112 1145 1286 1189 Agraria
1305 1146 1374 1181 lex
1393 1146 1591 1190 γεωργικὸς
1611 1145 1722 1190 νόμος
1742 1146 1775 1179 Π
1792 1150 1846 1190 11,
1861 1150 1915 1180 40.

1066 1193 1224 1238 agralia
1255 1194 1324 1229 lex
1349 1193 1409 1228 lex
1436 1193 1518 1239 agri
1543 1193 1672 1238 populi
1700 1193 1859 1228 Romani
1885 1193 1917 1227 V

1068 1246 1146 1286 165,
1173 1245 1204 1276 2.

1113 1289 1310 1333 Agrarius
1337 1287 1543 1334 γεωμέτρης
1568 1289 1618 1322 ΙΠ
1645 1292 1723 1331 512,
1746 1293 1806 1331 21,
1835 1292 1915 1332 307,

1067 1341 1111 1371 30
1131 1336 1356 1383 (agriaiius).
1406 1337 1484 1372 siue
1509 1337 1658 1381 interpr.
1685 1336 1736 1370 IV
1756 1340 1836 1381 306,
1855 1341 1917 1381 53,

1066 1385 1099 1419 V
1125 1389 1205 1429 590,
1232 1388 1287 1419 43.
1340 1386 1382 1418 ut
1406 1384 1513 1419 limes
1539 1384 1571 1418 V
1598 1388 1677 1428 263,
1705 1388 1760 1419 39.

1114 1432 1340 1476 Agredulae
1366 1443 1480 1467 ranae
1517 1443 1657 1477 paruae
1695 1431 1854 1466 multum
1879 1431 1918 1466 in

1068 1480 1165 1515 sicco
1190 1482 1379 1515 morantes
1406 1481 1507 1514 Plac.
1535 1479 1568 1513 V
1590 1484 1620 1523 7,
1636 1484 1677 1513 21
1696 1498 1739 1508 =
1754 1479 1787 1513 V
1807 1484 1863 1524 46,
1887 1485 1916 1514 1.

1067 1529 1120 1572 Cf.
1148 1529 1238 1563 Isz'd.
1266 1527 1333 1561 ΧΠ
1359 1532 1390 1572 6,
1413 1532 1455 1562 59
1488 1528 1598 1572 (uude
1630 1528 1690 1562 lib.
1720 1528 1823 1573 yloss.
1856 1528 1920 1561 ubi

1066 1576 1105 1610 in
1143 1576 1239 1610 sicco
1278 1575 1339 1610 uel
1378 1575 1478 1620 agris
1519 1577 1707 1610 morantes
1744 1575 1842 1609 unde
1882 1578 1920 1609 et>

1066 1625 1328 1669 nuncupatae).
1370 1624 1424 1666 Cf.
1441 1624 1561 1668 praef.
1583 1623 1717 1658 (cathol.
1739 1623 1785 1668 (V
1799 1635 1836 1668 p.
1854 1622 1916 1668 V),

1072 1673 1128 1707 W.
1155 1672 1322 1706 Heraeus
1348 1671 1522 1706 Fleckez's.
1550 1683 1635 1705 auu.
1665 1674 1754 1704 1897
1777 1682 1815 1715 p.
1839 1675 1916 1705 356.

1113 1719 1305 1763 Agrestas
1330 1718 1520 1754 rusticitas
1546 1719 1580 1753 H
1606 1722 1685 1763 565,
1713 1722 1756 1753 35
1796 1720 1916 1764 <agre-

1069 1767 1177 1802 stitas
1189 1768 1229 1812 2³).

1113 1814 1303 1859 Agrestia
1329 1815 1441 1850 olera
1470 1814 1724 1860 ἀγριολάχανα
1762 1814 1812 1848 II]
1837 1818 1917 1858 430,

1070 1867 1124 1897 18.
1182 1863 1222 1898 V.
1249 1862 1358 1897 holus
1384 1862 1573 1897 rusticum.

1114 1910 1296 1954 Agrestis
1319 1910 1504 1955 ἄγροικος,
1532 1910 1687 1955 χωρικὸς
1706 1910 1771 1944 καὶ
1791 1909 1918 1954 ἄγριος

1066 1959 1099 1992 Π
1126 1962 1180 2003 11,
1202 1962 1263 2001 30,
1291 1962 1370 2002 555,
1386 1962 1440 1992 24.
1492 1957 1666 2002 ἄγροικος
1691 1958 1741 1991 ΠΙ
1767 1961 1916 2002 250,19.

1065 2006 1193 2052 ἄγριος
1237 2006 1287 2040 HI
1326 2009 1404 2050 177,
1436 2009 1499 2049 47,
1544 2008 1623 2046 250,
1653 2009 1706 2040 10.
1757 2005 1918 2040 rusticus

1065 2054 1126 2089 uel
1152 2053 1250 2089 ferus
1276 2053 1327 2087 IV
1354 2057 1433 2096 204,
1454 2057 1510 2088 43.
1561 2052 1680 2088 ferina
1706 2052 1756 2087 IV
1776 2057 1856 2093 475,
1883 2058 1915 2088 4.

1065 2102 1224 2145 agreste
1244 2101 1365 2136 ferum
1383 2101 1434 2135 IV
1456 2106 1510 2145 13,
1535 2105 1571 2144 7,
1597 2105 1677 2144 475,
1699 2105 1730 2135 3.
1769 2101 1918 2135 foenum

1065 2153 1145 2195 (scr.
1184 2149 1317 2194 ferum)
1360 2149 1422 2183 uel
1464 2148 1645 2183 rusticum
1689 2148 1722 2182 V
1755 2152 1834 2192 263,
1862 2153 1916 2183 33.

1066 2198 1247 2241 agrestes
1261 2196 1403 2232 ferinae
1417 2196 1450 2230 V
1465 2201 1544 2240 263,
1560 2200 1615 2231 49.
1649 2196 1800 2230 uuildae
1816 2196 1917 2241 (AS.)

1066 2245 1100 2280 V
1115 2250 1194 2290 341,
1211 2248 1265 2280 30.
1311 2244 1457 2289 itilis(?)
1478 2245 1528 2278 111
1548 2248 1627 2289 566,
1644 2248 1698 2279 18.
1738 2244 1917 2287 agrestia

1067 2292 1179 2339 ἄγρια
1204 2293 1255 2326 ΠΙ
1281 2296 1360 2335 258,
1387 2296 1443 2328 38.

1114 2340 1297 2384 Agrestis
1324 2340 1479 2375 arundo
1505 2352 1536 2375 v.
1565 2350 1694 2375 auena.

1114 2387 1276 2432 Agresti
1307 2387 1443 2431 ferina,
1481 2387 1520 2421 id
1547 2389 1604 2422 est
1632 2398 1716 2422 caro
1755 2386 1918 2422 ferarum

1068 2436 1101 2471 V
1125 2440 1207 2480 438,
1236 2439 1288 2470 16.

1114 2483 1306 2527 Agricola
1319 2482 1538 2528 ἀγροπόνος,
1560 2482 1744 2527 ἄγροικος,
1758 2481 1918 2527 γεωργός

1066 2532 1099 2565 Π
1118 2535 1172 2576 11,
1187 2536 1243 2566 31.
1295 2529 1514 2576 ἀγροπόνος,
1540 2529 1700 2575 γεωργός
1718 2530 1751 2563 Π
1766 2533 1845 2574 555,
1861 2534 1915 2564 25.

1066 2579 1249 2625 γεηπόνος
1273 2579 1324 2612 HI
1348 2582 1428 2621 495,
1456 2582 1518 2621 69,
1546 2581 1626 2622 512,
1654 2582 1708 2612 11.
1759 2578 1918 2623 γεωργός

1067 2627 1254 2673 (georgius
1281 2627 1372 2667 cod.)
1396 2625 1447 2659 HI
1467 2629 1548 2669 495,
1569 2629 1624 2660 80.
1676 2625 1837 2660 rusticus
1857 2626 1918 2659 uel

1068 2675 1187 2710 cultor
1225 2673 1306 2720 agri
1342 2673 1392 2707 IV
1420 2677 1474 2718 13,
1502 2677 1557 2708 26.
1609 2673 1771 2717 colonus,
1799 2673 1918 2707 0111101·

1068 2722 1149 2768 agri
1186 2722 1237 2756 IV
1267 2725 1349 2765 480,
1376 2724 1431 2755 37.
1483 2721 1633 2756 colonus
1671 2721 1721 2755 IV
1754 2724 1834 2766 204,
1859 2725 1916 2755 48.

1067 2769 1253 2813 agrieula
1285 2769 1458 2814 ἄγροικος
1488 2769 1521 2802 Π
1549 2773 1627 2812 217,
1655 2773 1709 2803 27.
1759 2768 1918 2814 γεωργός

1067 2818 1099 2851 Π
1125 2821 1205 2860 263,
1227 2821 1258 2852 2.
1309 2817 1546 2862 ἀγροδίαιτος
1570 2817 1604 2850 Π
1624 2820 1703 2860 217,
1725 2820 1780 2851 26.
1831 2829 1914 2861 γεη-

1065 2863 1180 2905 πόνος
1199 2865 1249 2899 ΠΙ
1269 2867 1348 2909 300,
1370 2867 1401 2898 9.
1447 2864 1610 2907 001011112,
1636 2864 1797 2898 rusticus
1825 2863 1916 2909 (—ola

1065 2913 1168 2958 abde)
1200 2912 1251 2946 IV
1277 2916 1356 2956 306,
1384 2915 1439 2947 54.
1490 2912 1699 2955 agriculae
1724 2911 1916 2955 rusticani,

1066 2962 1231 3006 agrestes
1257 2959 1318 2994 uel
1344 2959 1504 2994 cultores
1531 2959 1612 3005 agri
1637 2959 1670 2993 V
1696 2963 1775 3004 263,
1802 2963 1857 2993 37.

1113 3008 1382 3052 Agricolanus
1406 3019 1438 3043 v.
1464 3007 1592 3042 bucco.

1112 3053 1542 3100 Agriculturaysmpyioc
1550 3055 1600 3089 m
1609 3058 1688 3097 356,
1698 3058 1758 3097 40,
1769 3057 1850 3098 495,
1859 3057 1914 3089 30.

1112 3103 1211 3148 Agri
1237 3103 1373 3138 custos
1399 3103 1615 3149 ἀγροφύλαξ
1640 3102 1689 3136 m
1717 3105 1796 3146 260,
1825 3105 1878 3137 27.
